% This file was created with JabRef 2.10.
% Encoding: ISO-8859-1


@String { bssa       = {Bull. seism. Soc. Am.} }
@String { cmame      = {Comput. Methods Appl. Mech. Eng.} }
@String { cmes       = {Comput. Model. Eng. Sci.} }
@String { eesd       = {Earthquake Eng. Struct. Dynam.} }
@String { eos        = {Eos Trans. AGU} }
@String { epsl       = {Earth Planet. Sci. Lett.} }
@String { geophysics = {Geophysics} }
@String { gji        = {Geophys. J. Int.} }
@String { gjras      = {Geophys. J. Roy. Astron. Soc.} }
@String { gp         = {Geophys. Prospect.} }
@String { grl        = {Geophys. Res. Lett.} }
@String { ieeetuffc  = {IEEE Transactions on Ultrasonics, Ferroelectrics, and Frequency Control} }
@String { ijnme      = {Int. J. Numer. Methods Eng.} }
@String { jap        = {J. Appl. Phys.} }
@String { jasa       = {J. Acoust. Soc. Am.} }
@String { jca        = {J. Comput. Acoust.} }
@String { jcp        = {J. Comput. Phys.} }
@String { jgr        = {J. Geophys. Res.} }
@String { jpdc       = {Journal of Parallel and Distributed Computing} }
@String { lncs       = {Lecture Notes in Computer Science} }
@String { pageoph    = {Pure Appl. Geophys.} }
@String { pepi       = {Phys. Earth planet. Inter.} }

@Article{AitAbderrahim2012MYRRHAAmulti,
  Title                    = {{MYRRHA: A} multi-purpose fast spectrum research reactor},
  Author                   = {A\"{\i}t Abderrahim, Hamid and Baeten, Peter and De Bruyn, Didier and Fernandez, Rafael},
  Journal                  = {Energy Conversion and Management},
  Year                     = {2012},
  Pages                    = {4-10},
  Volume                   = {63},

  Doi                      = {10.1016/j.enconman.2012.02.025}
}

@Article{AitAbderrahim2001MYRRHA:Amultipurpose,
  Title                    = {{MYRRHA: A} multipurpose accelerator driven system for research \& development},
  Author                   = {A\"{\i}t Abderrahim, H. and Kupschus, P. and Malambu, E. and Benoit, Ph. and Van Tichelen, K. and Arien, B. and Vermeersch, F. and D'hondt, P. and Jongen, Y. and Ternier, S. and Vandeplassche, D.},
  Journal                  = {Nuclear Instruments and Methods in Physics Research Section A: Accelerators, Spectrometers, Detectors and Associated Equipment},
  Year                     = {2001},
  Number                   = {3},
  Pages                    = {487-494},
  Volume                   = {463},

  Doi                      = {10.1016/S0168-9002(01)00164-4}
}

@Article{Abram2008GenerationIVnuclear,
  Title                    = {Generation-{IV} nuclear power: {A} review of the state of the science},
  Author                   = {Abram, Tim and Ion, Sue},
  Journal                  = {Energy Policy},
  Year                     = {2008},
  Number                   = {12},
  Pages                    = {4323-4330},
  Volume                   = {36},

  Doi                      = {10.1016/j.enpol.2008.09.059}
}

@InProceedings{Angeli2015LargeEddySimulation,
  Title                    = {Large-Eddy Simulation of thermal striping in {WAJECO and PLAJEST experiments with TrioCFD}},
  Author                   = {Angeli, P. E.},
  Booktitle                = {Proceedings of 16th International Topical Meeting on Nuclear Reactor Thermal Hydraulics (NURETH-16)},
  Year                     = {2015}
}

@InProceedings{Angeli2015Overviewofthe,
  Title                    = {Overview of the {TrioCFD} code: main features, {V\&V} procedures and typical applications to nuclear engineering},
  Author                   = {Angeli, Pierre-Emmanuel and Bieder, Ulrich and Fauchet, Gauthier},
  Booktitle                = {Proceedings of the 16th International Topical Meeting on Nuclear Reactor Thermal Hydraulics (NURETH-16), Chicago, USA},
  Year                     = {2015}
}

@Article{Berenger1994Aperfectlymatched,
  Title                    = {A perfectly matched layer for the absorption of electromagnetic waves},
  Author                   = {B\'erenger, Jean-Pierre},
  Journal                  = jcp,
  Year                     = {1994},
  Number                   = {2},
  Pages                    = {185-200},
  Volume                   = {114},

  Doi                      = {10.1006/jcph.1994.1159}
}

@Article{Baque2012Developmentoftools,
  Title                    = {Development of tools, instrumentation and codes for improving periodic examination and repair of {SFR}s},
  Author                   = {Baqu{\'e}, Fran{\c{c}}ois and Reverdy, Fr{\'e}d{\'e}ric and Augem, Jean-Michel and Sibilo, Julien},
  Journal                  = {Science and Technology of Nuclear Installations},
  Year                     = {2012},
  Pages                    = {718034},
  Volume                   = {2012},

  Doi                      = {10.1155/2012/718034}
}

@InProceedings{Barbier2017Mainoperationprocedures,
  Title                    = {Main operation procedures for {ASTRID} gas power conversion system},
  Author                   = {Barbier, D. and Mauger, G. and Plancq, D. and Tauveron, N. and Cherel, J. M. and Quenaut, Y. and Levoir, B. and Abdo, D. and Settimo, D.},
  Booktitle                = {Proceedings of the International Conference on Fast Reactors and Related Fuel Cycles, Yekaterinburg, Russian Federation},
  Year                     = {2017}
}

@Article{Beck2017Conceptualdesignof,
  Title                    = {Conceptual design of {ASTRID} fuel sub-assemblies},
  Author                   = {Beck, Thierry and Blanc, Victor and Escleine, Jean-Michel and Haubensack, David and Pelletier, Michel and Phelip, Mayeul and Perrin, Beno{\^\i}t and Venard, Christophe},
  Journal                  = {Nuclear Engineering and Design},
  Year                     = {2017},
  Pages                    = {51-60},
  Volume                   = {315}
}

@Article{Berland2006Lowdissipationand,
  Title                    = {Low-dissipation and low-dispersion fourth-order {R}unge-{K}utta algorithm},
  Author                   = {Berland, Julien and Bogey, Christophe and Bailly, Christophe},
  Journal                  = {Computers \& Fluids},
  Year                     = {2006},
  Number                   = {10},
  Pages                    = {1459-1463},
  Volume                   = {35},

  Doi                      = {10.1016/j.compfluid.2005.04.003}
}

@InCollection{Berton1996Continuousmonitoringof,
  Title                    = {Continuous monitoring of the position of two subassemblies heads of {Phenix at 350 MWth power and 550 deg C} temperature},
  Author                   = {Berton, J. L. and Loyer, G.},
  Booktitle                = {SMORN VII},
  Publisher                = {Nuclear Energy Agency of the OECD (NEA)},
  Year                     = {1996}
}

@Article{Bilbao2013Constructionandoptimization,
  Title                    = {Construction and optimization techniques for high-order schemes for the two-dimensional wave equation},
  Author                   = {Bilbao, Stefan and Hamilton, Brian},
  Journal                  = {Proceedings of Meetings on Acoustics},
  Year                     = {2013},
  Number                   = {1},
  Pages                    = {015116},
  Volume                   = {19},

  Doi                      = {10.1121/1.4799230}
}

@Article{Bottero2016Anaxisymmetrictime,
  Title                    = {An axisymmetric time-domain spectral-element method for full-wave simulations: {A}pplication to ocean acoustics},
  Author                   = {Bottero, Alexis and Cristini, Paul and Komatitsch, Dimitri and Asch, Mark},
  Journal                  = jasa,
  Year                     = {2016},
  Number                   = {5},
  Pages                    = {3520-3530},
  Volume                   = {140},

  Doi                      = {10.1121/1.4965964}
}

@Book{Brekhovskikh1998AcousticsofLayered,
  Title                    = {Acoustics of Layered Media I},
  Author                   = {Brekhovskikh, Leonid M. and Godin, Oleg A.},
  Publisher                = {Springer},
  Year                     = {1998}
}

@Article{Brillant2004Largeeddysimulation,
  Title                    = {Large-eddy simulation of a turbulent boundary layer with blowing},
  Author                   = {Brillant, Guillaume and Bataille, Fran{\c{c}}oise and Ducros, Fr\'ed\'eric},
  Journal                  = {Theoretical and Computational Fluid Dynamics},
  Year                     = {2004},
  Number                   = {5},
  Pages                    = {433-443},
  Volume                   = {17},

  Doi                      = {10.1007/s00162-004-0110-z}
}

@PhdThesis{Buffet1984Studyoftemperature,
  Title                    = {Study of temperature fluctuations in liquid metal flows at the vicinity of a wall},
  Author                   = {Buffet, Jean-Charles},
  School                   = {\'Ecole Centrale de Lyon, France},
  Year                     = {1984}
}

@Book{Butcher2016Numericalmethodsfor,
  Title                    = {Numerical methods for ordinary differential equations},
  Author                   = {Butcher, J. C.},
  Publisher                = {John Wiley \& Sons},
  Year                     = {2016}
}

@Book{Canuto2011Spectralmethods,
  Title                    = {Spectral methods},
  Author                   = {Canuto, Claudio and Hussaini, M. Yousuff and Quarteroni, Alfio and Zang, Thomas A.},
  Publisher                = {Springer, Berlin, Germany},
  Year                     = {2011}
}

@Article{Cavaro2011Microbubblecloudcharacterization,
  Title                    = {Microbubble cloud characterization by nonlinear frequency mixing},
  Author                   = {Cavaro, M. and Payan, C. and Moysan, J. and Baqu\'e, F.},
  Journal                  = jasa,
  Year                     = {2011},
  Number                   = {5},
  Pages                    = {179-183},
  Volume                   = {129},

  Doi                      = {10.1121/1.3565474}
}

@Booklet{CEA20124thgenerationsodium,
  Title                    = {4th generation sodium-cooled fast reactors: {The ASTRID} technological demonstorator},

  Address                  = {Saclay, France},
  Author                   = {CEA},
  Year                     = {2012},

  Editor                   = {Commissariat \`a l'\'energie atomique et aux \'energies alternatives (CEA), Direction de l'\'energie nucl\'eaire}
}

@Article{Chaitanya2017Developmentofultrasonic,
  Title                    = {Development of ultrasonic glancing angle imaging methodology for detection of subassembly protrusion in fast breeder reactors},
  Author                   = {Chaitanya, G. M. S. K. and Kumar, Anish},
  Journal                  = {Nuclear Engineering and Design},
  Year                     = {2017},
  Pages                    = {184-191},
  Volume                   = {325},

  Doi                      = {10.1016/j.nucengdes.2017.10.018}
}

@InProceedings{Conti2015Numericalanalysisof,
  Title                    = {Numerical analysis of core thermal-hydraulic for sodium-cooled fast reactors},
  Author                   = {Conti, Alain and Gerschenfeld, Antoine and Gorsse, Yannick and France, Yvette and Cadiou, Thierry and Lavastre, Romain},
  Booktitle                = {Proceedings of the 15th International Topical Meeting on Nuclear Reactor Thermal Hydraulics},
  Year                     = {2015},
  Organization             = {NURETH}
}

@InProceedings{Coz2011Sodiumcooledfast,
  Title                    = {Sodium-cooled fast reactors: the {ASTRID} plant project},
  Author                   = {Coz, P. Le. and Sauvage, J. F. and Sepantie, J. P.},
  Booktitle                = {Proceedings of the ICAPP 2011 conference},
  Year                     = {2011}
}

@Article{Cristini2012Someillustrativeexamples,
  Title                    = {Some illustrative examples of the use of a spectral-element method in ocean acoustics},
  Author                   = {Cristini, Paul and Komatitsch, Dimitri},
  Journal                  = jasa,
  Year                     = {2012},
  Number                   = {3},
  Pages                    = {229-235},
  Volume                   = {131},

  Doi                      = {10.1121/1.3682459}
}

@Book{Davis1984Methodsofnumerical,
  Title                    = {Methods of numerical integration (computer science and applied mathematics)},
  Author                   = {Davis, Philip J. and Rabinowitz, Philip},
  Publisher                = {Academic Press},
  Year                     = {1984}
}

@TechReport{Daw2002Ultrasonicthermometryfor,
  Title                    = {Ultrasonic thermometry for in-pile temperature detection},
  Author                   = {Daw, J. E. and Rempe, J. L. and Wilkins, S. C.},
  Institution              = {Idaho National Laboratory, Idaho, USA},
  Year                     = {2002}
}

@PhdThesis{Fiorina1998Applicationofthe,
  Title                    = {Application of the {G}aussian beam summation method to the study of the ultrasonic wave propagation in a turbulent medium},
  Author                   = {Fiorina, David},
  School                   = {\'Ecole Centrale de Lyon, France},
  Year                     = {1998}
}

@Article{Gengembre2000Pencilmethodin,
  Title                    = {Pencil method in elastodynamics: {A}pplication to ultrasonic field computation},
  Author                   = {Gengembre, Nicolas and Lh\'emery, Alain},
  Journal                  = {Ultrasonics},
  Year                     = {2000},
  Pages                    = {495-499},
  Volume                   = {38},

  Doi                      = {10.1016/S0041-624X(99)00068-2}
}

@Article{Geuzaine2009Gmsh:A3,
  Title                    = {Gmsh: {A 3-D} finite element mesh generator with built-in pre- and post-processing facilities},
  Author                   = {Geuzaine, Christophe and Remacle, Jean-Francois},
  Journal                  = ijnme,
  Year                     = {2009},
  Number                   = {11},
  Pages                    = {1309-1331},
  Volume                   = {79},

  Doi                      = {10.1002/nme.2579}
}

@Booklet{GIF2014TechnologyRoadmapUpdate,
  Title                    = {Technology Roadmap Update for {Generation IV Nuclear Energy Systems, January 2014}},
  Author                   = {GIF},
  Year                     = {2014}
}

@Book{GIF2005Frameworkagreementfor,
  Title                    = {Framework agreement for international collaboration on research and development of {Generation-IV} nuclear energy system},
  Author                   = {GIF},
  Publisher                = {Stationery Office},
  Year                     = {2005}
}

@InProceedings{Godin2011Anexactwave,
  Title                    = {An exact wave equation for sound in inhomogeneous, moving, and non-stationary fluids},
  Author                   = {Godin, O. A.},
  Booktitle                = {Proceedings of the OCEANS'2011 conference},
  Year                     = {2011},
  Month                    = Sep,
  Pages                    = {1-5},

  Doi                      = {10.23919/OCEANS.2011.6106920}
}

@Article{Godin2002Aneffectivequiescent,
  Title                    = {An effective quiescent medium for sound propagating through an inhomogeneous, moving fluid},
  Author                   = {Godin, Oleg A.},
  Journal                  = jasa,
  Year                     = {2002},
  Number                   = {4},
  Pages                    = {1269-1275},
  Volume                   = {112},

  Doi                      = {10.1121/1.1504853}
}

@Book{Gottlieb1977Numericalanalysisof,
  Title                    = {Numerical analysis of spectral methods: theory and applications},
  Author                   = {Gottlieb, David and Orszag, Steven A.},
  Publisher                = {Society for Industrial and Applied Mathematics (SIAM)},
  Year                     = {1977},

  Address                  = {Philadelphia, USA}
}

@Article{Grewal1982Watersimulationof,
  Title                    = {Water simulation of sodiunm reactors},
  Author                   = {Grewal, Sukhminder and Gluekler, Emil},
  Journal                  = {Chemical Engineering Communications},
  Year                     = {1982},
  Number                   = {1-6},
  Pages                    = {343-360},
  Volume                   = {17},

  Doi                      = {10.1080/00986448208911637}
}

@Book{Guidez2017Superphenix:Technicaland,
  Title                    = {Superphenix: {T}echnical and scientific achievements},
  Author                   = {Guidez, Joel and Pr{\^e}le, G{\'e}rard},
  Publisher                = {Springer},
  Year                     = {2017}
}

@Article{Hamdi1978Adisplacementmethod,
  Title                    = {A displacement method for the analysis of vibrations of coupled fluid-structure systems},
  Author                   = {Hamdi, Mohamed Ali and Ousset, Yves and Verchery, Georges},
  Journal                  = ijnme,
  Year                     = {1978},
  Number                   = {1},
  Pages                    = {139-150},
  Volume                   = {13},

  Doi                      = {10.1002/nme.1620130110}
}

@TechReport{Haubensack2016Calculsthermohydrauliquesdu,
  Title                    = {{Calculs thermohydrauliques du collecteur chaud de la chaudi\`ere ASTRID au nominal en soutien l'instrumentation coeur CFV-BD-16/10 et ISIR (\'Etat d'avancement fin 2016)}},
  Author                   = {Haubensack, David},
  Institution              = {Commissariat \`a l'\'energie atomique et aux \'energies alternatives (CEA), Direction de l'\'energie nucl\'eaire},
  Year                     = {2016},

  Address                  = {France}
}

@Article{Hixon2000Prefactoredsmallstencil,
  Title                    = {Prefactored small-stencil compact schemes},
  Author                   = {Hixon, R.},
  Journal                  = jcp,
  Year                     = {2000},
  Number                   = {2},
  Pages                    = {522-541},
  Volume                   = {165},

  Doi                      = {10.1006/jcph.2000.6631}
}

@Article{Hu1996LowDissipationand,
  Title                    = {Low-dissipation and low-dispersion {R}unge-{K}utta schemes for computational acoustics},
  Author                   = {Hu, F. Q. and Hussaini, M. Y. and Manthey, J. L.},
  Journal                  = jcp,
  Year                     = {1996},
  Number                   = {1},
  Pages                    = {177-191},
  Volume                   = {124},

  Doi                      = {10.1006/jcph.1996.0052}
}

@Book{Hug87,
  Title                    = {The finite element method, linear static and dynamic finite element analysis},
  Author                   = {Thomas J. R. Hughes},
  Publisher                = {Prentice-Hall International},
  Year                     = {1987},

  Address                  = {Englewood Cliffs, New Jersey, USA},
  Note                     = {704 pages.}
}

@InProceedings{IAEA1992Useoffast,
  Title                    = {Use of fast reactors for actinide transmutation},
  Author                   = {IAEA},
  Booktitle                = {Proceedings of a specialists meeting held in Obninsk},
  Year                     = {1992},

  Address                  = {Obninsk, Russian Federation},
  Editor                   = {IAEA},
  Organization             = {IAEA}
}

@Article{Iooss2000Statisticalmomentsof,
  Title                    = {Statistical moments of travel times at second order in isotropic and anisotropic random media},
  Author                   = {Iooss, B. and Blanc-Benon, Ph. and Lhuillier, C.},
  Journal                  = {Waves in Random Media},
  Year                     = {2000},
  Number                   = {3},
  Pages                    = {381},
  Volume                   = {10}
}

@Article{Iooss2002Numericalsimulationof,
  Title                    = {Numerical simulation of transit-time ultrasonic flowmeters: uncertainties due to flow profile and fluid turbulence},
  Author                   = {Iooss, B. and Lhuillier, C. and Jeanneau, H.},
  Journal                  = {Ultrasonics},
  Year                     = {2002},
  Number                   = {9},
  Pages                    = {1009-1015},
  Volume                   = {40}
}

@Article{JafarGandomi2009NonstandardFDTD,
  Title                    = {Non-standard {FDTD} for elastic wave simulation: two-dimensional {P-SV} case},
  Author                   = {JafarGandomi, Arash and Takenaka, Hiroshi},
  Journal                  = gji,
  Year                     = {2009},
  Number                   = {1},
  Pages                    = {282-302},
  Volume                   = {178},

  Doi                      = {10.1111/j.1365-246X.2009.04101.x}
}

@InProceedings{Jeannot2011Ramp;Dprogram,
  Title                    = {R\&D program for core instrumentation improvements devoted for {F}rench sodium fast reactors},
  Author                   = {Jeannot, J. P. and Rodriguez, G. and Jammes, C. and Bernardin, B. and Portier, J. L. and Jadot, F. and Maire, S. and Verrier, D. and Loisy, F. and Pr\'ele, G.},
  Booktitle                = {Proceedings of the 2nd International Conference on Advancements in Nuclear Instrumentation, Measurement Methods and their Applications},
  Year                     = {2011},
  Pages                    = {1-7},

  Doi                      = {10.1109/ANIMMA.2011.6172881}
}

@Book{Jensen2011ComputationalOceanAcoustics,
  Title                    = {Computational Ocean Acoustics},
  Author                   = {F. B. Jensen and W. Kuperman and M. Porter and H. Schmidt},
  Publisher                = {Springer-Verlag},
  Year                     = {2011},

  Address                  = {Berlin, Germany},
  Edition                  = {2nd},
  Note                     = {794 pages.}
}

@Article{Jurgens1992Finitedifferencetime,
  Title                    = {Finite-difference time-domain modeling of curved surfaces ({EM} scattering)},
  Author                   = {Jurgens, T. G. and Taflove, A. and Umashankar, K. and Moore, T. G.},
  Journal                  = {IEEE Transactions on Antennas and Propagation},
  Year                     = {1992},
  Number                   = {4},
  Pages                    = {357-366},
  Volume                   = {40},

  Doi                      = {10.1109/8.138836}
}

@InProceedings{Kimura2008Studyonthermal,
  Title                    = {Study on thermal striping phenomena in triple-parallel jet - {T}ransfer characteristics of temperature fluctuation in sodium and water based on conjugated numerical simulation},
  Author                   = {Kimura, N.},
  Booktitle                = {Proceedings of the NUTHOS-7 conference, Oct. 5-9, 2008},
  Year                     = {2008},

  Address                  = {Seoul, Korea}
}

@InProceedings{Kimura2005Studyonconvective,
  Title                    = {Study on convective mixing phenomena in parallel triple-jet along wall - {C}omparison of temperature fluctuation characteristics between sodium and water},
  Author                   = {Kimura, N.},
  Booktitle                = {Proceedings of the NURETH-11 conference, Oct. 2-6, 2005},
  Year                     = {2005},

  Address                  = {Avignon, France}
}

@Article{Kimura2007Experimentalinvestigationon,
  Title                    = {Experimental investigation on transfer characteristics of temperature fluctuation from liquid sodium to wall in parallel triple-jet},
  Author                   = {Kimura, Nobuyuki and Miyakoshi, Hiroyuki and Kamide, Hideki},
  Journal                  = {International Journal of Heat and Mass Transfer},
  Year                     = {2007},
  Number                   = {9},
  Pages                    = {2024-2036},
  Volume                   = {50},

  Doi                      = {10.1016/j.ijheatmasstransfer.2006.09.030}
}

@TechReport{Kobayashi2015Proposalofbenchmark,
  Title                    = {Proposal of benchmark problem of thermal striping phenomena in planar triple parallel jets tests for fundamental code validation in sodium-cooled fast reactor development},
  Author                   = {Kobayashi, Jun and Tanaka, Masaaki and Ohno, Shuji and Ohshima, Hiroyuki and Kamide, Hideki},
  Institution              = {Fast Reactor Technology Development Department, Japan Atomic Energy Agency, Japan},
  Year                     = {2015}
}

@Article{Komatitsch2000Simulationofanisotropic,
  Title                    = {Simulation of anisotropic wave propagation based upon a spectral element method},
  Author                   = {D. Komatitsch and C. Barnes and J. Tromp},
  Journal                  = geophysics,
  Year                     = {2000},
  Number                   = {4},
  Pages                    = {1251-1260},
  Volume                   = {65},

  Doi                      = {10.1190/1.1444816}
}

@Article{Komatitsch2000Wavepropagationnear,
  Title                    = {Wave propagation near a fluid-solid interface: a spectral element approach},
  Author                   = {D. Komatitsch and C. Barnes and J. Tromp},
  Journal                  = geophysics,
  Year                     = {2000},
  Number                   = {2},
  Pages                    = {623-631},
  Volume                   = {65},

  Doi                      = {10.1190/1.1444758}
}

@Article{Komatitsch2010Highorderfinite,
  Title                    = {High-order finite-element seismic wave propagation modeling with {MPI} on a large {GPU} cluster},
  Author                   = {Dimitri Komatitsch and Gordon Erlebacher and Dominik G\"oddeke and David Mich\'ea},
  Journal                  = jcp,
  Year                     = {2010},
  Number                   = {20},
  Pages                    = {7692-7714},
  Volume                   = {229},

  Doi                      = {10.1016/j.jcp.2010.06.024}
}

@Article{Komatitsch1999Introductiontothe,
  Title                    = {Introduction to the spectral-element method for 3-{D} seismic wave propagation},
  Author                   = {D. Komatitsch and J. Tromp},
  Journal                  = gji,
  Year                     = {1999},
  Number                   = {3},
  Pages                    = {806-822},
  Volume                   = {139},

  Doi                      = {10.1046/j.1365-246x.1999.00967.x}
}

@PhdThesis{Lue2011Modelisationdela,
  Title                    = {Mod\'elisation de la propagation et de l'interaction d'une onde acoustique pour la t\'el\'em\'etrie de structures complexes},
  Author                   = {L\"u, Bo},
  School                   = {Universit\'e du Maine, Le Mans, France},
  Year                     = {2011}
}

@Article{Lue2016Numericalcomparisonof,
  Title                    = {Numerical comparison of acoustic wedge models, with application to ultrasonic telemetry},
  Author                   = {L\"u, B. and Darmon, M. and Fradkin, L. and Potel, C.},
  Journal                  = {Ultrasonics},
  Year                     = {2016},
  Pages                    = {5-9},
  Volume                   = {65},

  Doi                      = {10.1016/j.ultras.2015.10.009}
}

@Article{Lue2012Stochasticsimulationof,
  Title                    = {Stochastic simulation of the high-frequency wave propagation in a random medium},
  Author                   = {L\"u, Bo and Darmon, Michel and Potel, Catherine},
  Journal                  = {Journal of Applied Physics},
  Year                     = {2012},
  Number                   = {5},
  Pages                    = {054902},
  Volume                   = {112},

  Doi                      = {10.1063/1.4748274}
}

@Book{Landau1987Fluidmechanics,
  Title                    = {Fluid mechanics},
  Author                   = {L. D. Landau and E. M. Lifshitz},
  Publisher                = {Pergamon Press},
  Year                     = {1959},

  Address                  = {New-York, USA},
  Note                     = {536 pages.}
}

@Article{Lee2009Effectsoftopography,
  Title                    = {Effects of topography on seismic wave propagation: An example from northern {T}aiwan},
  Author                   = {Shiann Jong Lee and Dimitri Komatitsch and Bor Shouh Huang and Jeroen Tromp},
  Journal                  = bssa,
  Year                     = {2009},
  Number                   = {1},
  Pages                    = {314-325},
  Volume                   = {99},

  Doi                      = {10.1785/0120080020}
}

@Article{Levander1988Fourthorderfinite,
  Title                    = {Fourth-order finite-difference {{\it P-SV}} seismograms},
  Author                   = {Levander, Alan R.},
  Journal                  = geophysics,
  Year                     = {1988},
  Number                   = {11},
  Pages                    = {1425-1436},
  Volume                   = {53},

  Doi                      = {10.1190/1.1442422}
}

@InProceedings{Lhuillier2011Insodiumtests,
  Title                    = {In-sodium tests of ultrasonic transducers},
  Author                   = {Lhuillier, C. and Descombin, O. and Baqu\'e, F. and Marchand, B. and Saillant, J. F. and Augem, J. M.},
  Booktitle                = {Proceedings of the 2nd International Conference on Advancements in Nuclear Instrumentation, Measurement Methods and their Applications},
  Year                     = {2011},
  Pages                    = {1-7},

  Doi                      = {10.1109/ANIMMA.2011.6172878}
}

@Article{Lhuillier1998Simulationofultrasound,
  Title                    = {Simulation of ultrasound propagation in a thermally turbulent fluid using {G}aussian beam summation and {F}ourier modes superposition techniques},
  Author                   = {Lhuillier, Christian and Fiorina, David and Berton, Jean-Luc and Juve, Daniel},
  Journal                  = jasa,
  Year                     = {1998},
  Number                   = {5},
  Pages                    = {2975-2975},
  Volume                   = {103},

  Doi                      = {10.1121/1.422411}
}

@Article{Liu2011Thecalculationof,
  Title                    = {The calculation of the profile-linear average velocity in the transition region for ultrasonic heat meter based on the method of {LES}},
  Author                   = {Liu, Yong-hui and Du, Guang-sheng and Tao, Li-li and Shen, Fang},
  Journal                  = {Journal of Hydrodynamics, Series B},
  Year                     = {2011},
  Number                   = {1},
  Pages                    = {89-94},
  Volume                   = {23},

  Doi                      = {10.1016/S1001-6058(10)60092-3}
}

@Article{Mantoglou1982TheTurningBands,
  Title                    = {The turning bands method for simulation of random fields using line generation by a spectral method},
  Author                   = {Mantoglou, Aristotelis and Wilson, John L.},
  Journal                  = {Water Resources Research},
  Year                     = {1982},
  Number                   = {5},
  Pages                    = {1379-1394},
  Volume                   = {18},

  Doi                      = {10.1029/WR018i005p01379}
}

@Article{Komatitsch2007Anunsplitconvolutional,
  Title                    = {An unsplit convolutional perfectly matched layer improved at grazing incidence for seismic wave equation in poroelastic media},
  Author                   = {Roland Martin and Dimitri Komatitsch and Abdela\^aziz Ezziani},
  Journal                  = geophysics,
  Year                     = {2008},
  Number                   = {4},
  Pages                    = {T51-T61},
  Volume                   = {73},

  Doi                      = {10.1190/1.2939484}
}

@PhdThesis{Massacret2014Etudedunemethode,
  Title                    = {Etude d'une m\'ethode ultrasonore d'estimation des temp\'eratures locales du sodium liquide en sortie coeur {RNR-Na}},
  Author                   = {Massacret, Nicolas},
  School                   = {Aix-Marseille University, France},
  Year                     = {2014}
}

@Article{Massacret2014Modellingofultrasonic,
  Title                    = {Modelling of ultrasonic propagation in turbulent liquid sodium with temperature gradient},
  Author                   = {Massacret, N. and Moysan, J. and Ploix, M. A. and Jeannot, J. P. and Corneloup, G.},
  Journal                  = {Journal of Applied Physics},
  Year                     = {2014},
  Number                   = {20},
  Pages                    = {204905},
  Volume                   = {115},

  Doi                      = {10.1063/1.4875876}
}

@Misc{McKnight1987Remotetemperaturemeasurement,
  Title                    = {Remote temperature measurement},

  Author                   = {McKnight, James A. and Macleod, Iain D. and Burton, Eric J.},
  Note                     = {US Patent 4,655,992},
  Year                     = {1987}
}

@Article{Newmark1959Amethodof,
  Title                    = {A method of computation for structural dynamics},
  Author                   = {Newmark, Nathan M.},
  Journal                  = {Journal of the Engineering Mechanics Division},
  Year                     = {1959},
  Number                   = {3},
  Pages                    = {67-94},
  Volume                   = {85},

  Publisher                = {ASCE}
}

@Article{Patera1984Aspectralelement,
  Title                    = {A spectral element method for fluid dynamics: {L}aminar flow in a channel expansion},
  Author                   = {Patera, Anthony T.},
  Journal                  = jcp,
  Year                     = {1984},
  Number                   = {3},
  Pages                    = {468-488},
  Volume                   = {54},

  Doi                      = {10.1016/0021-9991(84)90128-1}
}

@Article{Peter2011Forwardandadjoint,
  Title                    = {Forward and adjoint simulations of seismic wave propagation on fully unstructured hexahedral meshes},
  Author                   = {Daniel Peter and Dimitri Komatitsch and Yang Luo and Roland Martin and Nicolas {Le Goff} and Emanuele Casarotti and Pieyre {Le Loher} and Federica Magnoni and Qinya Liu and C\'eline Blitz and Tarje Nissen-Meyer and Piero Basini and Jeroen Tromp},
  Journal                  = gji,
  Year                     = {2011},
  Number                   = {2},
  Pages                    = {721-739},
  Volume                   = {186},

  Doi                      = {10.1111/j.1365-246X.2011.05044.x}
}

@PhdThesis{Poitou2009Modelisationdurayonnement,
  Title                    = {Mod\'elisation du rayonnement dans la simulation aux grandes \'echelles de la combustion turbulente},
  Author                   = {Poitou, Damien},
  School                   = {University of Toulouse, France},
  Year                     = {2009}
}

@Article{Rawlinson2008Seismicraytracing,
  Title                    = {Seismic ray tracing and wavefront tracking in laterally heterogeneous media},
  Author                   = {Rawlinson, Nicholas and Hauser, Jurg and Sambridge, Malcolm},
  Journal                  = {Advances in Geophysics},
  Year                     = {2008},
  Pages                    = {203-273},
  Volume                   = {49}
}

@Article{Rona2017Optimisedprefactoredcompact,
  Title                    = {Optimised prefactored compact schemes for linear wave propagation phenomena},
  Author                   = {Rona, A. and Spisso, I. and Hall, E. and Bernardini, M. and Pirozzoli, S.},
  Journal                  = jcp,
  Year                     = {2017},
  Pages                    = {66-85},
  Volume                   = {328},

  Doi                      = {10.1016/j.jcp.2016.10.014}
}

@InProceedings{Saillant2016Firstresultsof,
  Title                    = {First results of non-destructive testing under liquid sodium at 200$^\circ${C}},
  Author                   = {Saillant, J. F. and Marlier, R. and Baque, F.},
  Booktitle                = {Proceeedings of the 2016 IEEE International Ultrasonics Symposium},
  Year                     = {2016},
  Pages                    = {1-4},

  Doi                      = {10.1109/ULTSYM.2016.7728558}
}

@InProceedings{Saillant2013Ultrasonictransducersfor,
  Title                    = {Ultrasonic transducers for sodium cooled reactors},
  Author                   = {Saillant, J. F. and Martin, O. and Charrier, S. and Baqu{\'e}, F. and Sibilo, J.},
  Booktitle                = {Proceedings of the 10th International Conference on NDE in Relation to Structural Integrity for Nuclear and Pressurized Components},
  Year                     = {2013},

  Address                  = {Cannes, France}
}

@PhdThesis{Saxena2014Thermalhydraulicnumerical,
  Title                    = {Thermal-hydraulic numerical simulation of fuel sub-assembly for {S}odium-cooled {F}ast {R}eactor},
  Author                   = {Saxena, Aakanksha},
  School                   = {Aix-Marseille University, France},
  Year                     = {2014}
}

@Article{Shinozuka1972Digitalsimulationof,
  Title                    = {Digital simulation of random processes and its applications},
  Author                   = {Shinozuka, M. and Jan, C.-M.},
  Journal                  = {Journal of Sound and Vibration},
  Year                     = {1972},
  Number                   = {1},
  Pages                    = {111-128},
  Volume                   = {25},

  Doi                      = {10.1016/0022-460X(72)90600-1}
}

@TechReport{Sobolev2011Databaseofthermophysical,
  Title                    = {Database of thermophysical properties of liquid metal coolants for {GEN-IV}},
  Author                   = {Sobolev, Vitaly},
  Institution              = {SCK-CEN, Mol, Belgium, BLG-1069},
  Year                     = {2011}
}

@TechReport{Taylor1992Subassemblyoutlettemperature,
  Title                    = {Subassembly outlet temperature measurement using ultrasound - {P}reliminary results of the water tests in the {HIPPO} rig},
  Author                   = {Taylor, C. G. and Birch, S.},
  Institution              = {ISTD, AEA Technology, Risley},
  Year                     = {1992}
}

@Article{Tenchine2010Somethermalhydraulic,
  Title                    = {Some thermal hydraulic challenges in sodium cooled fast reactors},
  Author                   = {Tenchine, D.},
  Journal                  = {Nuclear Engineering and Design},
  Year                     = {2010},
  Number                   = {5},
  Pages                    = {1195-1217},
  Volume                   = {240},

  Doi                      = {10.1016/j.nucengdes.2010.01.006}
}

@TechReport{Tenchine1994Jetscoaxiaux:,
  Title                    = {Jets coaxiaux : comparaison des distributions fr\'equentielles des fluctuations de temp\'eratures en sodium et en air},
  Author                   = {Tenchine, D. and Pennec, W. Le and Barroil, J.},
  Institution              = {Commissariat \`a l'\'energie atomique et aux \'energies alternatives (CEA), DTP/STR/LES, France},
  Year                     = {1994}
}

@TechReport{Tenchine1994Jetscoaxiaux:a,
  Title                    = {Jets coaxiaux : comparaison des fluctuations de temp\'eratures en sodium ({NAJECO}) et en air ({AIRJECO})},
  Author                   = {Tenchine, D. and Pennec, W. Le and Barroil, J.},
  Institution              = {Commissariat \`a l'\'energie atomique et aux \'energies alternatives (CEA), DTP/STR/LES, France},
  Year                     = {1994}
}

@Article{Tromp2008Spectralelementand,
  Title                    = {Spectral-element and adjoint methods in seismology},
  Author                   = {Tromp, Jeroen and Komattisch, Dimitri and Liu, Qinya},
  Journal                  = {Communications in Computational Physics},
  Year                     = {2008},
  Number                   = {1},
  Pages                    = {1-32},
  Volume                   = {3}
}

@Article{Vai1999Elasticwavepropagation,
  Title                    = {Elastic wave propagation in an irregularly layered medium},
  Author                   = {Vai, Rossana and Castillo-Covarrubias, Jos\'e Manuel and S\'anchez-Sesma, Francisco J. and Komatitsch, Dimitri and Vilotte, Jean-Pierre},
  Journal                  = {Soil Dynamics and Earthquake Engineering},
  Year                     = {1999},
  Number                   = {1},
  Pages                    = {11-18},
  Volume                   = {18},

  Doi                      = {10.1016/S0267-7261(98)00027-X}
}

@InProceedings{VandeWyer2014Experimentalandnumerical,
  Title                    = {Experimental and numerical tools for the characterization of ultrasonic propagation for nuclear reactor application},
  Author                   = {Van de Wyer, Nicolas and Schram, Christophe and Van Dyck, Dries and Dierckx, Marc},
  Booktitle                = {Proceedings of the 43rd International Congress on Noise Control Engineering (INTER'NOISE 2014), November 16-19, 2014},
  Year                     = {2014},

  Address                  = {Melbourne, Australia}
}

@InProceedings{Venard2017TheASTRIDcore,
  Title                    = {The {ASTRID} core at the end of the conceptual design phase},
  Author                   = {Venard, C. and Coquelet-Pascal, C. and Conti, A. and Gentet, D. and Lamagn{\`e}re, P. and Lavastre, R. and Gauth{\'e}, P. and Bernardin, B. and Beck, T. and Lorenzo, D. and others},
  Booktitle                = {Proceedings of the International Conference on Fast Reactors and Related Fuel Cycles: Next Generation Nuclear Systems for Sustainable Development (FR17), June 26-29, 2017},
  Year                     = {2017},

  Address                  = {Yekaterinburg, Russian Federation},
  Pages                    = {288}
}

@InProceedings{Walstijn2008Onthenumerical,
  Title                    = {On the numerical solution of the {2D} wave equation with compact {FDTD} schemes},
  Author                   = {Walstijn, Maarten Van and Kowalczyk, Konrad},
  Booktitle                = {Proceedings of the International Conference on Digital Audio Effects (DAFX'08)},
  Year                     = {2008},
  Pages                    = {205-212}
}

@PhdThesis{Weber2004Ultrasonicbeampropagation,
  Title                    = {Ultrasonic beam propagation in turbulent flow},
  Author                   = {Weber, Francis J. and Durgin, W. W. and Johari, H.},
  School                   = {Worcester Polytechnic Institute, Worcester, Massachusetts, USA},
  Year                     = {2004}
}

@InProceedings{Wyer2015Theeffectof,
  Title                    = {The effect of non-uniform temperature and velocity fields on long range ultrasonic measurement systems in {MYRRHA}},
  Author                   = {Wyer, N. Van De and Schram, C. and Dyck, D. Van and Dierckx, M.},
  Booktitle                = {Proceedings of the 4th International Conference on Advancements in Nuclear Instrumentation Measurement Methods and their Applications},
  Year                     = {2015},
  Pages                    = {1-10},

  Doi                      = {10.1109/ANIMMA.2015.7465636}
}

@Article{Yee1966Numericalsolutionof,
  Title                    = {Numerical Solution of Initial Boundary Value Problems involving {M}axwell's Equations},
  Author                   = {Kane S. Yee},
  Journal                  = {IEEE Transactions on Antennas and Propagation},
  Year                     = {1966},
  Pages                    = {302-307},
  Volume                   = {14}
}

